@article{Lcapy,
 title = {Lcapy: symbolic linear circuit analysis with {Python}},
 author = {Hayes, Michael},
 year = 2022,
 month = Feb,
 keywords = {Linear circuit analysis, symbolic computation, Python},
 pages = {e875},
 journal = {PeerJ Computer Science},
 issn = {2376-5992},
 url = {https://doi.org/10.7717/peerj-cs.875},
 doi = {10.7717/peerj-cs.875}
}

@misc{Lcapy-docs, 
 title = {Lcapy Documentation}, 
 author = {Hayes, Michael},
 url = {https://lcapy.readthedocs.io/en/latest/index.html}
} 